@article{ae:1,
  author      = "Matthias MÃ¼ller-Hannemann, Stefan Schirra (Eds.)",
  title       = "",
  editor      = "",
  booktitle   = "Algorithm Engineering: Bridging the Gap between Algorithm Theory and Practice,
  publisher   = "",
  address     = "",
  pages       = "333",
  chapter     = 8,
  year        = "-",
}

@misc{URL:1,
  howpublished = "\url{https://www.rookieslab.com/posts/fast-power-algorithm-exponentiation-by-squaring-cpp-python-implementation}",
}

@misc{karatsuba:1,
  howpublished = "\url{https://en.wikipedia.org/wiki/Karatsuba_algorithm}",
}

@misc{wiki:1,
  howpublished = "\url{https://en.wikipedia.org/wiki/Double_dabble}",
}
@misc{wiki:2,
  howpublished = "\url{https://en.wikipedia.org/wiki/Multiplication_algorithm#Shift_and_add}",
}
@misc{wiki:3,
  howpublished = "\url{https://en.wikipedia.org/wiki/Booth%27s_multiplication_algorithm}",
}